

@book{NozickInv,
	publisher = {Belknap Press of Harvard University Press},
	year = {2001},
	title = {Invariances: The Structure of the Objective World},
	author = {Robert Nozick}
}

@book{PutnamCollapse,
	title = {The Collapse of the Fact/Value Dichotomy and Other Essays},
	year = {2002},
	publisher = {Harvard University Press},
	author = {Hilary Putnam}
}

@book{JeffreyDecision,
	publisher = {University of Chicago Press},
	year = {1983},
	title = {The Logic of Decision},
	author = {Richard C. Jeffrey}
}

@book{SenJustice,
	title = {The Idea of Justice},
	year = {2009},
	author = {Amartya Sen},
	publisher = {Belknap Press of Harvard University Press}
}
@book{SenCollective,
	title = {Collective Choice and Social Welfare - Expanded Edition},
	year = {2017},
	author = {Amartya Sen},
	publisher = {Penguin Books}
}

@book{GameTheory, title={Game Theory},
publisher={Cambridge University Press},
author={Maschler, Michael and Solan, Eilon and Zamir, Shmuel},
year={2013}}

@book{WilliamsTruth,
	author = {Bernard Williams},
	title = {Truth and Truthfulness: An Essay in Genealogy},
	year = {2002},
	publisher = {Princeton University Press}
}

@book{WilliamsEthics,
	year = {2006},
	publisher = {Routledge},
	title = {Ethics and the Limits of Philosophy},
	author = {Bernard Williams}
}

@book{wood2019serious,
  title={Serious Noticing: Selected Essays, 1999-2019},
  author={Wood, J.},
  isbn={9781529111910},
  url={https://books.google.ie/books?id=5PLowQEACAAJ},
  year={2019},
  publisher={Penguin Random House}
}

@article{BoxModelsWrong,
author = { George E. P.   Box },
title = {Science and Statistics},
journal = {Journal of the American Statistical Association},
volume = {71},
year  = {1976},
publisher = {Taylor & Francis},
}

@Manual{CovData,
  title = {covdata: COVID-19 Case and Mortality Time Series},
  author = {Kieran Healy},
  year = {2020},
  note = {R package version 0.1.0},
  url = {http://kjhealy.github.io/covdata},
}




