

@book{NozickInv,
	publisher = {Belknap Press of Harvard University Press},
	year = {2001},
	title = {Invariances: The Structure of the Objective World},
	author = {Robert Nozick}
}


@book{luce1989games,
  title={Games and Decisions: Introduction and Critical Survey},
  author={Luce, R.D. and Raiffa, H.},
  year={1989},
  publisher={Dover Publications}
}

@book{savage54,
  author = {Savage, L.},
  publisher = {Wiley},
  title = {The Foundations of Statistics},
  year = 1954
}

@book{stigler2016seven,
  title={The Seven Pillars of Statistical Wisdom},
  author={Stigler, S.M.},
  year={2016},
  publisher={Harvard University Press}
}

@book{freedman_2009, place={Cambridge}, title={Statistical Models and Causal Inference: A Dialogue with the Social Sciences}, publisher={Cambridge University Press}, author={Freedman, David A.},  year={2009}}

@Book{cox2006pos,
  author = 	 {Cox, David R.},
  title = 	 {Principles of Statistical Inference},
  publisher = 	 {Cambridge University Press},
  year = 	 {2006}
}

@book{PutnamCollapse,
	title = {The Collapse of the Fact/Value Dichotomy and Other Essays},
	year = {2002},
	publisher = {Harvard University Press},
	author = {Hilary Putnam}
}

@book{JeffreyDecision,
	publisher = {University of Chicago Press},
	year = {1983},
	title = {The Logic of Decision},
	author = {Richard C. Jeffrey}
}

@book{SenJustice,
	title = {The Idea of Justice},
	year = {2009},
	author = {Amartya Sen},
	publisher = {Belknap Press of Harvard University Press}
}
@book{SenCollective,
	title = {Collective Choice and Social Welfare - Expanded Edition},
	year = {2017},
	author = {Amartya Sen},
	publisher = {Penguin Books}
}

@book{GameTheory, title={Game Theory},
publisher={Cambridge University Press},
author={Maschler, Michael and Solan, Eilon and Zamir, Shmuel},
year={2013}}

@book{WilliamsTruth,
	author = {Bernard Williams},
	title = {Truth and Truthfulness: An Essay in Genealogy},
	year = {2002},
	publisher = {Princeton University Press}
}

@book{WilliamsEthics,
	year = {2006},
	publisher = {Routledge},
	title = {Ethics and the Limits of Philosophy},
	author = {Bernard Williams}
}


@book{BinmoreRational,
	year = {2011},
	publisher = {Princeton},
	title = {Rational Decisions},
	author = {Ken Binmore}
}

@book{angrist_mostly_2008,
  author = {Angrist, Joshua D. and Pischke, JÃ¶rn-Steffen},
  publisher = {Princeton University Press},
  shorttitle = {Mostly Harmless Econometrics},
  title = {Mostly Harmless Econometrics: An Empiricist's Companion},
  year = 2008
}

@book{BarberBR_ML,
author = {Barber, David},
title = {Bayesian Reasoning and Machine Learning},
year = {2012},
publisher = {Cambridge University Press},
}


@book{HackingEmergence, place={Cambridge}, edition={2}, title={The Emergence of Probability: A Philosophical Study of Early Ideas about Probability, Induction and Statistical Inference}, publisher={Cambridge University Press}, author={Hacking, Ian}, year={2006}}

@book{wood2019serious,
  title={Serious Noticing: Selected Essays, 1999-2019},
  author={Wood, J.},
  isbn={9781529111910},
  url={https://books.google.ie/books?id=5PLowQEACAAJ},
  year={2019},
  publisher={Penguin Random House}
}

@article{BoxModelsWrong,
author = { George E. P.   Box },
title = {Science and Statistics},
journal = {Journal of the American Statistical Association},
volume = {71},
year  = {1976},
publisher = {Taylor & Francis},
}


@article{MeehlTheoretical,
author = { Paul E Meehl },
title = {Theoretical Risks and Tabular Asterisks:
Sir Karl, Sir Ronald, and the Slow Progress of Soft Psychology},
journal = {Journal of Consulting and Clinical Psychology},
volume = {46},
year  = {1978},
publisher = {Taylor & Francis},
}

@Manual{CovData,
  title = {covdata: COVID-19 Case and Mortality Time Series},
  author = {Kieran Healy},
  year = {2020},
  note = {R package version 0.1.0},
  url = {http://kjhealy.github.io/covdata},
}


@book{HalpernReasoning,
  author    = {Joseph Y. Halpern},
  title     = {Reasoning about uncertainty},
  publisher = {{MIT} Press},
  year      = {2005},
}

